 @misc{goasguen_2015, 
 title      = {Docker Cookbook}, 
 publisher  = {O'Reilly Media}, 
 author     = {Goasguen, SÃ˜`bastien}, 
 year       = {2015}
    }

@misc{hanif_2017, 
title       = {Sekilas Tentang Docker}, 
url         = {https://hanifmu.com/posts/sekilas-tentang-docker/}, 
journal     = {hanifmu.com}, 
author      = {Hanif, Muhammad}, 
year        = {2017}, 
month       = {Jun},
note        = "Accessed: 2022-05-01"
   }

@misc{contributor_2005, 
title       = {What is daemon? - definition from whatis.com}, 
url         = {https://www.techtarget.com/whatis/definition/daemon}, 
journal     = {WhatIs.com}, 
publisher   = {TechTarget}, 
author      = {Contributor, TechTarget}, 
year        = {2005}, 
month       = {Sep}},
note        = "Accessed: 2022-05-01"
   }
